%YAML 1.1
%TAG !u! tag:unity3d.com,2011:
--- !u!1 &8774985826659559504
GameObject:
  m_ObjectHideFlags: 0
  m_CorrespondingSourceObject: {fileID: 0}
  m_PrefabInstance: {fileID: 0}
  m_PrefabAsset: {fileID: 0}
  serializedVersion: 6
  m_Component:
  - component: {fileID: 8378410519768537767}
  m_Layer: 0
  m_Name: House 1
  m_TagString: Untagged
  m_Icon: {fileID: 0}
  m_NavMeshLayer: 0
  m_StaticEditorFlags: 0
  m_IsActive: 1
--- !u!4 &8378410519768537767
Transform:
  m_ObjectHideFlags: 0
  m_CorrespondingSourceObject: {fileID: 0}
  m_PrefabInstance: {fileID: 0}
  m_PrefabAsset: {fileID: 0}
  m_GameObject: {fileID: 8774985826659559504}
  m_LocalRotation: {x: 0, y: 0, z: 0, w: 1}
  m_LocalPosition: {x: 0, y: 0, z: 0}
  m_LocalScale: {x: 1, y: 1, z: 1}
  m_Children:
  - {fileID: 4064648894695917665}
  - {fileID: 1745619678902732658}
  - {fileID: 259118217823401551}
  - {fileID: 6989200852655128669}
  - {fileID: 5746852768395953742}
  - {fileID: 2195589634734779409}
  - {fileID: 8829981812695408092}
  - {fileID: 2470145196834894565}
  - {fileID: 2301868215795957619}
  - {fileID: 2842607705620264929}
  - {fileID: 8310241962577550741}
  - {fileID: 8671728293077007679}
  - {fileID: 4632395776710901207}
  - {fileID: 2535832250659463164}
  - {fileID: 3217419820972644904}
  m_Father: {fileID: 0}
  m_RootOrder: 0
  m_LocalEulerAnglesHint: {x: 0, y: 0, z: 0}
--- !u!1001 &254904680347235039
PrefabInstance:
  m_ObjectHideFlags: 0
  serializedVersion: 2
  m_Modification:
    m_TransformParent: {fileID: 8378410519768537767}
    m_Modifications:
    - target: {fileID: 4794771492848784, guid: a4ba64fafcba065479d4c2d680201e16, type: 3}
      propertyPath: m_LocalPosition.x
      value: 6.8556213
      objectReference: {fileID: 0}
    - target: {fileID: 4794771492848784, guid: a4ba64fafcba065479d4c2d680201e16, type: 3}
      propertyPath: m_LocalPosition.y
      value: 2.2072358
      objectReference: {fileID: 0}
    - target: {fileID: 4794771492848784, guid: a4ba64fafcba065479d4c2d680201e16, type: 3}
      propertyPath: m_LocalPosition.z
      value: 30.93162
      objectReference: {fileID: 0}
    - target: {fileID: 4794771492848784, guid: a4ba64fafcba065479d4c2d680201e16, type: 3}
      propertyPath: m_LocalRotation.x
      value: -0
      objectReference: {fileID: 0}
    - target: {fileID: 4794771492848784, guid: a4ba64fafcba065479d4c2d680201e16, type: 3}
      propertyPath: m_LocalRotation.y
      value: 0.6939192
      objectReference: {fileID: 0}
    - target: {fileID: 4794771492848784, guid: a4ba64fafcba065479d4c2d680201e16, type: 3}
      propertyPath: m_LocalRotation.z
      value: -0
      objectReference: {fileID: 0}
    - target: {fileID: 4794771492848784, guid: a4ba64fafcba065479d4c2d680201e16, type: 3}
      propertyPath: m_LocalRotation.w
      value: 0.7200529
      objectReference: {fileID: 0}
    - target: {fileID: 4794771492848784, guid: a4ba64fafcba065479d4c2d680201e16, type: 3}
      propertyPath: m_RootOrder
      value: 2
      objectReference: {fileID: 0}
    m_RemovedComponents: []
  m_SourcePrefab: {fileID: 100100000, guid: a4ba64fafcba065479d4c2d680201e16, type: 3}
--- !u!4 &259118217823401551 stripped
Transform:
  m_CorrespondingSourceObject: {fileID: 4794771492848784, guid: a4ba64fafcba065479d4c2d680201e16,
    type: 3}
  m_PrefabInstance: {fileID: 254904680347235039}
  m_PrefabAsset: {fileID: 0}
--- !u!1001 &1744696564151777580
PrefabInstance:
  m_ObjectHideFlags: 0
  serializedVersion: 2
  m_Modification:
    m_TransformParent: {fileID: 8378410519768537767}
    m_Modifications:
    - target: {fileID: 1730336916111372, guid: ae4ca41587e494f449be1ef5696d184c, type: 3}
      propertyPath: m_Name
      value: SM_Bld_Shop_Large_02 (6)
      objectReference: {fileID: 0}
    - target: {fileID: 4211720408153442, guid: ae4ca41587e494f449be1ef5696d184c, type: 3}
      propertyPath: m_LocalRotation.y
      value: 0
      objectReference: {fileID: 0}
    - target: {fileID: 4211720408153442, guid: ae4ca41587e494f449be1ef5696d184c, type: 3}
      propertyPath: m_LocalRotation.z
      value: 0
      objectReference: {fileID: 0}
    - target: {fileID: 4211720408153442, guid: ae4ca41587e494f449be1ef5696d184c, type: 3}
      propertyPath: m_LocalPosition.x
      value: 0
      objectReference: {fileID: 0}
    - target: {fileID: 4441552029072990, guid: ae4ca41587e494f449be1ef5696d184c, type: 3}
      propertyPath: m_LocalPosition.x
      value: 10.345619
      objectReference: {fileID: 0}
    - target: {fileID: 4441552029072990, guid: ae4ca41587e494f449be1ef5696d184c, type: 3}
      propertyPath: m_LocalPosition.y
      value: 2.1872358
      objectReference: {fileID: 0}
    - target: {fileID: 4441552029072990, guid: ae4ca41587e494f449be1ef5696d184c, type: 3}
      propertyPath: m_LocalPosition.z
      value: 25.10762
      objectReference: {fileID: 0}
    - target: {fileID: 4441552029072990, guid: ae4ca41587e494f449be1ef5696d184c, type: 3}
      propertyPath: m_LocalRotation.x
      value: -0
      objectReference: {fileID: 0}
    - target: {fileID: 4441552029072990, guid: ae4ca41587e494f449be1ef5696d184c, type: 3}
      propertyPath: m_LocalRotation.y
      value: -0
      objectReference: {fileID: 0}
    - target: {fileID: 4441552029072990, guid: ae4ca41587e494f449be1ef5696d184c, type: 3}
      propertyPath: m_LocalRotation.z
      value: -0
      objectReference: {fileID: 0}
    - target: {fileID: 4441552029072990, guid: ae4ca41587e494f449be1ef5696d184c, type: 3}
      propertyPath: m_LocalRotation.w
      value: 1
      objectReference: {fileID: 0}
    - target: {fileID: 4441552029072990, guid: ae4ca41587e494f449be1ef5696d184c, type: 3}
      propertyPath: m_RootOrder
      value: 1
      objectReference: {fileID: 0}
    m_RemovedComponents: []
  m_SourcePrefab: {fileID: 100100000, guid: ae4ca41587e494f449be1ef5696d184c, type: 3}
--- !u!4 &1745619678902732658 stripped
Transform:
  m_CorrespondingSourceObject: {fileID: 4441552029072990, guid: ae4ca41587e494f449be1ef5696d184c,
    type: 3}
  m_PrefabInstance: {fileID: 1744696564151777580}
  m_PrefabAsset: {fileID: 0}
--- !u!1001 &2195234749619572127
PrefabInstance:
  m_ObjectHideFlags: 0
  serializedVersion: 2
  m_Modification:
    m_TransformParent: {fileID: 8378410519768537767}
    m_Modifications:
    - target: {fileID: 4300724218257806, guid: 9082ffb6ae18fd54292f0645b15cbde2, type: 3}
      propertyPath: m_LocalPosition.x
      value: 15.785622
      objectReference: {fileID: 0}
    - target: {fileID: 4300724218257806, guid: 9082ffb6ae18fd54292f0645b15cbde2, type: 3}
      propertyPath: m_LocalPosition.y
      value: 2.1872358
      objectReference: {fileID: 0}
    - target: {fileID: 4300724218257806, guid: 9082ffb6ae18fd54292f0645b15cbde2, type: 3}
      propertyPath: m_LocalPosition.z
      value: 26.937622
      objectReference: {fileID: 0}
    - target: {fileID: 4300724218257806, guid: 9082ffb6ae18fd54292f0645b15cbde2, type: 3}
      propertyPath: m_LocalRotation.x
      value: -0.000000029802326
      objectReference: {fileID: 0}
    - target: {fileID: 4300724218257806, guid: 9082ffb6ae18fd54292f0645b15cbde2, type: 3}
      propertyPath: m_LocalRotation.y
      value: 0.7071068
      objectReference: {fileID: 0}
    - target: {fileID: 4300724218257806, guid: 9082ffb6ae18fd54292f0645b15cbde2, type: 3}
      propertyPath: m_LocalRotation.z
      value: 0.000000014901163
      objectReference: {fileID: 0}
    - target: {fileID: 4300724218257806, guid: 9082ffb6ae18fd54292f0645b15cbde2, type: 3}
      propertyPath: m_LocalRotation.w
      value: 0.7071067
      objectReference: {fileID: 0}
    - target: {fileID: 4300724218257806, guid: 9082ffb6ae18fd54292f0645b15cbde2, type: 3}
      propertyPath: m_RootOrder
      value: 5
      objectReference: {fileID: 0}
    m_RemovedComponents: []
  m_SourcePrefab: {fileID: 100100000, guid: 9082ffb6ae18fd54292f0645b15cbde2, type: 3}
--- !u!4 &2195589634734779409 stripped
Transform:
  m_CorrespondingSourceObject: {fileID: 4300724218257806, guid: 9082ffb6ae18fd54292f0645b15cbde2,
    type: 3}
  m_PrefabInstance: {fileID: 2195234749619572127}
  m_PrefabAsset: {fileID: 0}
--- !u!1001 &2305673717838010709
PrefabInstance:
  m_ObjectHideFlags: 0
  serializedVersion: 2
  m_Modification:
    m_TransformParent: {fileID: 8378410519768537767}
    m_Modifications:
    - target: {fileID: 4089038880892454, guid: 4cb709fa5c556424db68152781d6bbcb, type: 3}
      propertyPath: m_LocalPosition.x
      value: 9.835617
      objectReference: {fileID: 0}
    - target: {fileID: 4089038880892454, guid: 4cb709fa5c556424db68152781d6bbcb, type: 3}
      propertyPath: m_LocalPosition.y
      value: 15.780236
      objectReference: {fileID: 0}
    - target: {fileID: 4089038880892454, guid: 4cb709fa5c556424db68152781d6bbcb, type: 3}
      propertyPath: m_LocalPosition.z
      value: 27.73662
      objectReference: {fileID: 0}
    - target: {fileID: 4089038880892454, guid: 4cb709fa5c556424db68152781d6bbcb, type: 3}
      propertyPath: m_LocalRotation.x
      value: -0
      objectReference: {fileID: 0}
    - target: {fileID: 4089038880892454, guid: 4cb709fa5c556424db68152781d6bbcb, type: 3}
      propertyPath: m_LocalRotation.y
      value: -0
      objectReference: {fileID: 0}
    - target: {fileID: 4089038880892454, guid: 4cb709fa5c556424db68152781d6bbcb, type: 3}
      propertyPath: m_LocalRotation.z
      value: -0
      objectReference: {fileID: 0}
    - target: {fileID: 4089038880892454, guid: 4cb709fa5c556424db68152781d6bbcb, type: 3}
      propertyPath: m_LocalRotation.w
      value: 1
      objectReference: {fileID: 0}
    - target: {fileID: 4089038880892454, guid: 4cb709fa5c556424db68152781d6bbcb, type: 3}
      propertyPath: m_RootOrder
      value: 8
      objectReference: {fileID: 0}
    - target: {fileID: 4089038880892454, guid: 4cb709fa5c556424db68152781d6bbcb, type: 3}
      propertyPath: m_LocalScale.x
      value: 15.7534685
      objectReference: {fileID: 0}
    - target: {fileID: 4089038880892454, guid: 4cb709fa5c556424db68152781d6bbcb, type: 3}
      propertyPath: m_LocalScale.y
      value: 15.753473
      objectReference: {fileID: 0}
    - target: {fileID: 4089038880892454, guid: 4cb709fa5c556424db68152781d6bbcb, type: 3}
      propertyPath: m_LocalScale.z
      value: 15.753473
      objectReference: {fileID: 0}
    - target: {fileID: 4185983487327374, guid: 4cb709fa5c556424db68152781d6bbcb, type: 3}
      propertyPath: m_LocalRotation.y
      value: 0
      objectReference: {fileID: 0}
    - target: {fileID: 4185983487327374, guid: 4cb709fa5c556424db68152781d6bbcb, type: 3}
      propertyPath: m_LocalRotation.z
      value: 0
      objectReference: {fileID: 0}
    m_RemovedComponents: []
  m_SourcePrefab: {fileID: 100100000, guid: 4cb709fa5c556424db68152781d6bbcb, type: 3}
--- !u!4 &2301868215795957619 stripped
Transform:
  m_CorrespondingSourceObject: {fileID: 4089038880892454, guid: 4cb709fa5c556424db68152781d6bbcb,
    type: 3}
  m_PrefabInstance: {fileID: 2305673717838010709}
  m_PrefabAsset: {fileID: 0}
--- !u!1001 &2470326318465444497
PrefabInstance:
  m_ObjectHideFlags: 0
  serializedVersion: 2
  m_Modification:
    m_TransformParent: {fileID: 8378410519768537767}
    m_Modifications:
    - target: {fileID: 4480831394764916, guid: 69bde8cf3b49c784199eb64c6990ff35, type: 3}
      propertyPath: m_LocalPosition.x
      value: 10.248146
      objectReference: {fileID: 0}
    - target: {fileID: 4480831394764916, guid: 69bde8cf3b49c784199eb64c6990ff35, type: 3}
      propertyPath: m_LocalPosition.y
      value: 11.967236
      objectReference: {fileID: 0}
    - target: {fileID: 4480831394764916, guid: 69bde8cf3b49c784199eb64c6990ff35, type: 3}
      propertyPath: m_LocalPosition.z
      value: 29.307621
      objectReference: {fileID: 0}
    - target: {fileID: 4480831394764916, guid: 69bde8cf3b49c784199eb64c6990ff35, type: 3}
      propertyPath: m_LocalRotation.x
      value: -0
      objectReference: {fileID: 0}
    - target: {fileID: 4480831394764916, guid: 69bde8cf3b49c784199eb64c6990ff35, type: 3}
      propertyPath: m_LocalRotation.y
      value: -0
      objectReference: {fileID: 0}
    - target: {fileID: 4480831394764916, guid: 69bde8cf3b49c784199eb64c6990ff35, type: 3}
      propertyPath: m_LocalRotation.z
      value: -0
      objectReference: {fileID: 0}
    - target: {fileID: 4480831394764916, guid: 69bde8cf3b49c784199eb64c6990ff35, type: 3}
      propertyPath: m_LocalRotation.w
      value: 1
      objectReference: {fileID: 0}
    - target: {fileID: 4480831394764916, guid: 69bde8cf3b49c784199eb64c6990ff35, type: 3}
      propertyPath: m_RootOrder
      value: 7
      objectReference: {fileID: 0}
    m_RemovedComponents: []
  m_SourcePrefab: {fileID: 100100000, guid: 69bde8cf3b49c784199eb64c6990ff35, type: 3}
--- !u!4 &2470145196834894565 stripped
Transform:
  m_CorrespondingSourceObject: {fileID: 4480831394764916, guid: 69bde8cf3b49c784199eb64c6990ff35,
    type: 3}
  m_PrefabInstance: {fileID: 2470326318465444497}
  m_PrefabAsset: {fileID: 0}
--- !u!1001 &2531063037566654622
PrefabInstance:
  m_ObjectHideFlags: 0
  serializedVersion: 2
  m_Modification:
    m_TransformParent: {fileID: 8378410519768537767}
    m_Modifications:
    - target: {fileID: 4839582919116642, guid: 96901244b15031b428ed74cbe8f324c3, type: 3}
      propertyPath: m_LocalPosition.x
      value: 5.9056168
      objectReference: {fileID: 0}
    - target: {fileID: 4839582919116642, guid: 96901244b15031b428ed74cbe8f324c3, type: 3}
      propertyPath: m_LocalPosition.y
      value: 13.575235
      objectReference: {fileID: 0}
    - target: {fileID: 4839582919116642, guid: 96901244b15031b428ed74cbe8f324c3, type: 3}
      propertyPath: m_LocalPosition.z
      value: 25.62762
      objectReference: {fileID: 0}
    - target: {fileID: 4839582919116642, guid: 96901244b15031b428ed74cbe8f324c3, type: 3}
      propertyPath: m_LocalRotation.x
      value: -0
      objectReference: {fileID: 0}
    - target: {fileID: 4839582919116642, guid: 96901244b15031b428ed74cbe8f324c3, type: 3}
      propertyPath: m_LocalRotation.y
      value: -0
      objectReference: {fileID: 0}
    - target: {fileID: 4839582919116642, guid: 96901244b15031b428ed74cbe8f324c3, type: 3}
      propertyPath: m_LocalRotation.z
      value: -0
      objectReference: {fileID: 0}
    - target: {fileID: 4839582919116642, guid: 96901244b15031b428ed74cbe8f324c3, type: 3}
      propertyPath: m_LocalRotation.w
      value: 1
      objectReference: {fileID: 0}
    - target: {fileID: 4839582919116642, guid: 96901244b15031b428ed74cbe8f324c3, type: 3}
      propertyPath: m_RootOrder
      value: 13
      objectReference: {fileID: 0}
    m_RemovedComponents: []
  m_SourcePrefab: {fileID: 100100000, guid: 96901244b15031b428ed74cbe8f324c3, type: 3}
--- !u!4 &2535832250659463164 stripped
Transform:
  m_CorrespondingSourceObject: {fileID: 4839582919116642, guid: 96901244b15031b428ed74cbe8f324c3,
    type: 3}
  m_PrefabInstance: {fileID: 2531063037566654622}
  m_PrefabAsset: {fileID: 0}
--- !u!1001 &2845466673530006593
PrefabInstance:
  m_ObjectHideFlags: 0
  serializedVersion: 2
  m_Modification:
    m_TransformParent: {fileID: 8378410519768537767}
    m_Modifications:
    - target: {fileID: 4460138161200032, guid: d101aa80cae075448acbe3fef69e529e, type: 3}
      propertyPath: m_LocalPosition.x
      value: 15.697617
      objectReference: {fileID: 0}
    - target: {fileID: 4460138161200032, guid: d101aa80cae075448acbe3fef69e529e, type: 3}
      propertyPath: m_LocalPosition.y
      value: 8.409236
      objectReference: {fileID: 0}
    - target: {fileID: 4460138161200032, guid: d101aa80cae075448acbe3fef69e529e, type: 3}
      propertyPath: m_LocalPosition.z
      value: 25.14262
      objectReference: {fileID: 0}
    - target: {fileID: 4460138161200032, guid: d101aa80cae075448acbe3fef69e529e, type: 3}
      propertyPath: m_LocalRotation.x
      value: 0.03090198
      objectReference: {fileID: 0}
    - target: {fileID: 4460138161200032, guid: d101aa80cae075448acbe3fef69e529e, type: 3}
      propertyPath: m_LocalRotation.y
      value: 0.030901982
      objectReference: {fileID: 0}
    - target: {fileID: 4460138161200032, guid: d101aa80cae075448acbe3fef69e529e, type: 3}
      propertyPath: m_LocalRotation.z
      value: 0.7064312
      objectReference: {fileID: 0}
    - target: {fileID: 4460138161200032, guid: d101aa80cae075448acbe3fef69e529e, type: 3}
      propertyPath: m_LocalRotation.w
      value: -0.70643127
      objectReference: {fileID: 0}
    - target: {fileID: 4460138161200032, guid: d101aa80cae075448acbe3fef69e529e, type: 3}
      propertyPath: m_RootOrder
      value: 9
      objectReference: {fileID: 0}
    - target: {fileID: 4460138161200032, guid: d101aa80cae075448acbe3fef69e529e, type: 3}
      propertyPath: m_LocalScale.x
      value: 1.2602179
      objectReference: {fileID: 0}
    - target: {fileID: 4460138161200032, guid: d101aa80cae075448acbe3fef69e529e, type: 3}
      propertyPath: m_LocalScale.y
      value: 1.2602177
      objectReference: {fileID: 0}
    - target: {fileID: 4460138161200032, guid: d101aa80cae075448acbe3fef69e529e, type: 3}
      propertyPath: m_LocalScale.z
      value: 1.2602172
      objectReference: {fileID: 0}
    m_RemovedComponents: []
  m_SourcePrefab: {fileID: 100100000, guid: d101aa80cae075448acbe3fef69e529e, type: 3}
--- !u!4 &2842607705620264929 stripped
Transform:
  m_CorrespondingSourceObject: {fileID: 4460138161200032, guid: d101aa80cae075448acbe3fef69e529e,
    type: 3}
  m_PrefabInstance: {fileID: 2845466673530006593}
  m_PrefabAsset: {fileID: 0}
--- !u!1001 &3218214682131586906
PrefabInstance:
  m_ObjectHideFlags: 0
  serializedVersion: 2
  m_Modification:
    m_TransformParent: {fileID: 8378410519768537767}
    m_Modifications:
    - target: {fileID: 4494202390332786, guid: fca3d3dcb5c6efb4abe29733012a7be8, type: 3}
      propertyPath: m_LocalPosition.x
      value: 5.1956177
      objectReference: {fileID: 0}
    - target: {fileID: 4494202390332786, guid: fca3d3dcb5c6efb4abe29733012a7be8, type: 3}
      propertyPath: m_LocalPosition.y
      value: 13.587235
      objectReference: {fileID: 0}
    - target: {fileID: 4494202390332786, guid: fca3d3dcb5c6efb4abe29733012a7be8, type: 3}
      propertyPath: m_LocalPosition.z
      value: 23.583902
      objectReference: {fileID: 0}
    - target: {fileID: 4494202390332786, guid: fca3d3dcb5c6efb4abe29733012a7be8, type: 3}
      propertyPath: m_LocalRotation.x
      value: -0
      objectReference: {fileID: 0}
    - target: {fileID: 4494202390332786, guid: fca3d3dcb5c6efb4abe29733012a7be8, type: 3}
      propertyPath: m_LocalRotation.y
      value: 0.7071068
      objectReference: {fileID: 0}
    - target: {fileID: 4494202390332786, guid: fca3d3dcb5c6efb4abe29733012a7be8, type: 3}
      propertyPath: m_LocalRotation.z
      value: -0
      objectReference: {fileID: 0}
    - target: {fileID: 4494202390332786, guid: fca3d3dcb5c6efb4abe29733012a7be8, type: 3}
      propertyPath: m_LocalRotation.w
      value: 0.7071067
      objectReference: {fileID: 0}
    - target: {fileID: 4494202390332786, guid: fca3d3dcb5c6efb4abe29733012a7be8, type: 3}
      propertyPath: m_RootOrder
      value: 14
      objectReference: {fileID: 0}
    m_RemovedComponents: []
  m_SourcePrefab: {fileID: 100100000, guid: fca3d3dcb5c6efb4abe29733012a7be8, type: 3}
--- !u!4 &3217419820972644904 stripped
Transform:
  m_CorrespondingSourceObject: {fileID: 4494202390332786, guid: fca3d3dcb5c6efb4abe29733012a7be8,
    type: 3}
  m_PrefabInstance: {fileID: 3218214682131586906}
  m_PrefabAsset: {fileID: 0}
--- !u!1001 &4064250505987223517
PrefabInstance:
  m_ObjectHideFlags: 0
  serializedVersion: 2
  m_Modification:
    m_TransformParent: {fileID: 8378410519768537767}
    m_Modifications:
    - target: {fileID: 1387665681437956, guid: 9b6a625374b096e4b9e0685328368746, type: 3}
      propertyPath: m_Name
      value: SM_Prop_FlowerPot_05 (3)
      objectReference: {fileID: 0}
    - target: {fileID: 4388078539581372, guid: 9b6a625374b096e4b9e0685328368746, type: 3}
      propertyPath: m_LocalPosition.x
      value: 10.351616
      objectReference: {fileID: 0}
    - target: {fileID: 4388078539581372, guid: 9b6a625374b096e4b9e0685328368746, type: 3}
      propertyPath: m_LocalPosition.y
      value: 7.100236
      objectReference: {fileID: 0}
    - target: {fileID: 4388078539581372, guid: 9b6a625374b096e4b9e0685328368746, type: 3}
      propertyPath: m_LocalPosition.z
      value: 29.22062
      objectReference: {fileID: 0}
    - target: {fileID: 4388078539581372, guid: 9b6a625374b096e4b9e0685328368746, type: 3}
      propertyPath: m_LocalRotation.x
      value: -0
      objectReference: {fileID: 0}
    - target: {fileID: 4388078539581372, guid: 9b6a625374b096e4b9e0685328368746, type: 3}
      propertyPath: m_LocalRotation.y
      value: -0
      objectReference: {fileID: 0}
    - target: {fileID: 4388078539581372, guid: 9b6a625374b096e4b9e0685328368746, type: 3}
      propertyPath: m_LocalRotation.z
      value: -0
      objectReference: {fileID: 0}
    - target: {fileID: 4388078539581372, guid: 9b6a625374b096e4b9e0685328368746, type: 3}
      propertyPath: m_LocalRotation.w
      value: 1
      objectReference: {fileID: 0}
    - target: {fileID: 4388078539581372, guid: 9b6a625374b096e4b9e0685328368746, type: 3}
      propertyPath: m_RootOrder
      value: 0
      objectReference: {fileID: 0}
    - target: {fileID: 4388078539581372, guid: 9b6a625374b096e4b9e0685328368746, type: 3}
      propertyPath: m_LocalScale.x
      value: -2.054262
      objectReference: {fileID: 0}
    - target: {fileID: 4388078539581372, guid: 9b6a625374b096e4b9e0685328368746, type: 3}
      propertyPath: m_LocalScale.y
      value: 2.0542617
      objectReference: {fileID: 0}
    - target: {fileID: 4388078539581372, guid: 9b6a625374b096e4b9e0685328368746, type: 3}
      propertyPath: m_LocalScale.z
      value: 2.0542617
      objectReference: {fileID: 0}
    m_RemovedComponents: []
  m_SourcePrefab: {fileID: 100100000, guid: 9b6a625374b096e4b9e0685328368746, type: 3}
--- !u!4 &4064648894695917665 stripped
Transform:
  m_CorrespondingSourceObject: {fileID: 4388078539581372, guid: 9b6a625374b096e4b9e0685328368746,
    type: 3}
  m_PrefabInstance: {fileID: 4064250505987223517}
  m_PrefabAsset: {fileID: 0}
--- !u!1001 &4636675699003084651
PrefabInstance:
  m_ObjectHideFlags: 0
  serializedVersion: 2
  m_Modification:
    m_TransformParent: {fileID: 8378410519768537767}
    m_Modifications:
    - target: {fileID: 4878057158259388, guid: 471a8a2be4d9d8b409307e51e4dd6637, type: 3}
      propertyPath: m_LocalPosition.x
      value: 6.8366165
      objectReference: {fileID: 0}
    - target: {fileID: 4878057158259388, guid: 471a8a2be4d9d8b409307e51e4dd6637, type: 3}
      propertyPath: m_LocalPosition.y
      value: 2.8602362
      objectReference: {fileID: 0}
    - target: {fileID: 4878057158259388, guid: 471a8a2be4d9d8b409307e51e4dd6637, type: 3}
      propertyPath: m_LocalPosition.z
      value: 28.097618
      objectReference: {fileID: 0}
    - target: {fileID: 4878057158259388, guid: 471a8a2be4d9d8b409307e51e4dd6637, type: 3}
      propertyPath: m_LocalRotation.x
      value: -0
      objectReference: {fileID: 0}
    - target: {fileID: 4878057158259388, guid: 471a8a2be4d9d8b409307e51e4dd6637, type: 3}
      propertyPath: m_LocalRotation.y
      value: -0
      objectReference: {fileID: 0}
    - target: {fileID: 4878057158259388, guid: 471a8a2be4d9d8b409307e51e4dd6637, type: 3}
      propertyPath: m_LocalRotation.z
      value: -0
      objectReference: {fileID: 0}
    - target: {fileID: 4878057158259388, guid: 471a8a2be4d9d8b409307e51e4dd6637, type: 3}
      propertyPath: m_LocalRotation.w
      value: 1
      objectReference: {fileID: 0}
    - target: {fileID: 4878057158259388, guid: 471a8a2be4d9d8b409307e51e4dd6637, type: 3}
      propertyPath: m_RootOrder
      value: 12
      objectReference: {fileID: 0}
    m_RemovedComponents: []
  m_SourcePrefab: {fileID: 100100000, guid: 471a8a2be4d9d8b409307e51e4dd6637, type: 3}
--- !u!4 &4632395776710901207 stripped
Transform:
  m_CorrespondingSourceObject: {fileID: 4878057158259388, guid: 471a8a2be4d9d8b409307e51e4dd6637,
    type: 3}
  m_PrefabInstance: {fileID: 4636675699003084651}
  m_PrefabAsset: {fileID: 0}
--- !u!1001 &5751527423326895128
PrefabInstance:
  m_ObjectHideFlags: 0
  serializedVersion: 2
  m_Modification:
    m_TransformParent: {fileID: 8378410519768537767}
    m_Modifications:
    - target: {fileID: 4091821236441684, guid: 060d25f13524c0e4fb8f2c684eebf642, type: 3}
      propertyPath: m_LocalRotation.y
      value: 0
      objectReference: {fileID: 0}
    - target: {fileID: 4091821236441684, guid: 060d25f13524c0e4fb8f2c684eebf642, type: 3}
      propertyPath: m_LocalRotation.z
      value: 0
      objectReference: {fileID: 0}
    - target: {fileID: 4214698915917612, guid: 060d25f13524c0e4fb8f2c684eebf642, type: 3}
      propertyPath: m_LocalRotation.y
      value: 0
      objectReference: {fileID: 0}
    - target: {fileID: 4214698915917612, guid: 060d25f13524c0e4fb8f2c684eebf642, type: 3}
      propertyPath: m_LocalRotation.z
      value: 0
      objectReference: {fileID: 0}
    - target: {fileID: 4486295331547204, guid: 060d25f13524c0e4fb8f2c684eebf642, type: 3}
      propertyPath: m_LocalRotation.y
      value: 0
      objectReference: {fileID: 0}
    - target: {fileID: 4486295331547204, guid: 060d25f13524c0e4fb8f2c684eebf642, type: 3}
      propertyPath: m_LocalRotation.z
      value: 0
      objectReference: {fileID: 0}
    - target: {fileID: 4760284450383688, guid: 060d25f13524c0e4fb8f2c684eebf642, type: 3}
      propertyPath: m_LocalRotation.y
      value: 0
      objectReference: {fileID: 0}
    - target: {fileID: 4760284450383688, guid: 060d25f13524c0e4fb8f2c684eebf642, type: 3}
      propertyPath: m_LocalRotation.z
      value: 0
      objectReference: {fileID: 0}
    - target: {fileID: 4867989530628050, guid: 060d25f13524c0e4fb8f2c684eebf642, type: 3}
      propertyPath: m_LocalRotation.y
      value: 0
      objectReference: {fileID: 0}
    - target: {fileID: 4867989530628050, guid: 060d25f13524c0e4fb8f2c684eebf642, type: 3}
      propertyPath: m_LocalRotation.z
      value: 0
      objectReference: {fileID: 0}
    - target: {fileID: 4903353639713366, guid: 060d25f13524c0e4fb8f2c684eebf642, type: 3}
      propertyPath: m_LocalPosition.x
      value: 5.335617
      objectReference: {fileID: 0}
    - target: {fileID: 4903353639713366, guid: 060d25f13524c0e4fb8f2c684eebf642, type: 3}
      propertyPath: m_LocalPosition.y
      value: 2.183236
      objectReference: {fileID: 0}
    - target: {fileID: 4903353639713366, guid: 060d25f13524c0e4fb8f2c684eebf642, type: 3}
      propertyPath: m_LocalPosition.z
      value: 30.17762
      objectReference: {fileID: 0}
    - target: {fileID: 4903353639713366, guid: 060d25f13524c0e4fb8f2c684eebf642, type: 3}
      propertyPath: m_LocalRotation.x
      value: -0
      objectReference: {fileID: 0}
    - target: {fileID: 4903353639713366, guid: 060d25f13524c0e4fb8f2c684eebf642, type: 3}
      propertyPath: m_LocalRotation.y
      value: -0.39556065
      objectReference: {fileID: 0}
    - target: {fileID: 4903353639713366, guid: 060d25f13524c0e4fb8f2c684eebf642, type: 3}
      propertyPath: m_LocalRotation.z
      value: -0
      objectReference: {fileID: 0}
    - target: {fileID: 4903353639713366, guid: 060d25f13524c0e4fb8f2c684eebf642, type: 3}
      propertyPath: m_LocalRotation.w
      value: 0.91843987
      objectReference: {fileID: 0}
    - target: {fileID: 4903353639713366, guid: 060d25f13524c0e4fb8f2c684eebf642, type: 3}
      propertyPath: m_RootOrder
      value: 4
      objectReference: {fileID: 0}
    - target: {fileID: 4975781580517836, guid: 060d25f13524c0e4fb8f2c684eebf642, type: 3}
      propertyPath: m_LocalRotation.y
      value: 0
      objectReference: {fileID: 0}
    - target: {fileID: 4975781580517836, guid: 060d25f13524c0e4fb8f2c684eebf642, type: 3}
      propertyPath: m_LocalRotation.z
      value: 0
      objectReference: {fileID: 0}
    m_RemovedComponents: []
  m_SourcePrefab: {fileID: 100100000, guid: 060d25f13524c0e4fb8f2c684eebf642, type: 3}
--- !u!4 &5746852768395953742 stripped
Transform:
  m_CorrespondingSourceObject: {fileID: 4903353639713366, guid: 060d25f13524c0e4fb8f2c684eebf642,
    type: 3}
  m_PrefabInstance: {fileID: 5751527423326895128}
  m_PrefabAsset: {fileID: 0}
--- !u!1001 &6985425837764175841
PrefabInstance:
  m_ObjectHideFlags: 0
  serializedVersion: 2
  m_Modification:
    m_TransformParent: {fileID: 8378410519768537767}
    m_Modifications:
    - target: {fileID: 1387665681437956, guid: 9b6a625374b096e4b9e0685328368746, type: 3}
      propertyPath: m_Name
      value: SM_Prop_FlowerPot_05 (4)
      objectReference: {fileID: 0}
    - target: {fileID: 4388078539581372, guid: 9b6a625374b096e4b9e0685328368746, type: 3}
      propertyPath: m_LocalPosition.x
      value: 6.9146194
      objectReference: {fileID: 0}
    - target: {fileID: 4388078539581372, guid: 9b6a625374b096e4b9e0685328368746, type: 3}
      propertyPath: m_LocalPosition.y
      value: 7.100236
      objectReference: {fileID: 0}
    - target: {fileID: 4388078539581372, guid: 9b6a625374b096e4b9e0685328368746, type: 3}
      propertyPath: m_LocalPosition.z
      value: 29.22062
      objectReference: {fileID: 0}
    - target: {fileID: 4388078539581372, guid: 9b6a625374b096e4b9e0685328368746, type: 3}
      propertyPath: m_LocalRotation.x
      value: -0
      objectReference: {fileID: 0}
    - target: {fileID: 4388078539581372, guid: 9b6a625374b096e4b9e0685328368746, type: 3}
      propertyPath: m_LocalRotation.y
      value: -0
      objectReference: {fileID: 0}
    - target: {fileID: 4388078539581372, guid: 9b6a625374b096e4b9e0685328368746, type: 3}
      propertyPath: m_LocalRotation.z
      value: -0
      objectReference: {fileID: 0}
    - target: {fileID: 4388078539581372, guid: 9b6a625374b096e4b9e0685328368746, type: 3}
      propertyPath: m_LocalRotation.w
      value: 1
      objectReference: {fileID: 0}
    - target: {fileID: 4388078539581372, guid: 9b6a625374b096e4b9e0685328368746, type: 3}
      propertyPath: m_RootOrder
      value: 3
      objectReference: {fileID: 0}
    - target: {fileID: 4388078539581372, guid: 9b6a625374b096e4b9e0685328368746, type: 3}
      propertyPath: m_LocalScale.x
      value: 2.054262
      objectReference: {fileID: 0}
    - target: {fileID: 4388078539581372, guid: 9b6a625374b096e4b9e0685328368746, type: 3}
      propertyPath: m_LocalScale.y
      value: 2.0542617
      objectReference: {fileID: 0}
    - target: {fileID: 4388078539581372, guid: 9b6a625374b096e4b9e0685328368746, type: 3}
      propertyPath: m_LocalScale.z
      value: 2.0542617
      objectReference: {fileID: 0}
    m_RemovedComponents: []
  m_SourcePrefab: {fileID: 100100000, guid: 9b6a625374b096e4b9e0685328368746, type: 3}
--- !u!4 &6989200852655128669 stripped
Transform:
  m_CorrespondingSourceObject: {fileID: 4388078539581372, guid: 9b6a625374b096e4b9e0685328368746,
    type: 3}
  m_PrefabInstance: {fileID: 6985425837764175841}
  m_PrefabAsset: {fileID: 0}
--- !u!1001 &8312659638950820393
PrefabInstance:
  m_ObjectHideFlags: 0
  serializedVersion: 2
  m_Modification:
    m_TransformParent: {fileID: 8378410519768537767}
    m_Modifications:
    - target: {fileID: 1387665681437956, guid: 9b6a625374b096e4b9e0685328368746, type: 3}
      propertyPath: m_Name
      value: SM_Prop_FlowerPot_05 (5)
      objectReference: {fileID: 0}
    - target: {fileID: 4388078539581372, guid: 9b6a625374b096e4b9e0685328368746, type: 3}
      propertyPath: m_LocalPosition.x
      value: 13.791618
      objectReference: {fileID: 0}
    - target: {fileID: 4388078539581372, guid: 9b6a625374b096e4b9e0685328368746, type: 3}
      propertyPath: m_LocalPosition.y
      value: 7.100236
      objectReference: {fileID: 0}
    - target: {fileID: 4388078539581372, guid: 9b6a625374b096e4b9e0685328368746, type: 3}
      propertyPath: m_LocalPosition.z
      value: 29.22062
      objectReference: {fileID: 0}
    - target: {fileID: 4388078539581372, guid: 9b6a625374b096e4b9e0685328368746, type: 3}
      propertyPath: m_LocalRotation.x
      value: -0
      objectReference: {fileID: 0}
    - target: {fileID: 4388078539581372, guid: 9b6a625374b096e4b9e0685328368746, type: 3}
      propertyPath: m_LocalRotation.y
      value: -0
      objectReference: {fileID: 0}
    - target: {fileID: 4388078539581372, guid: 9b6a625374b096e4b9e0685328368746, type: 3}
      propertyPath: m_LocalRotation.z
      value: -0
      objectReference: {fileID: 0}
    - target: {fileID: 4388078539581372, guid: 9b6a625374b096e4b9e0685328368746, type: 3}
      propertyPath: m_LocalRotation.w
      value: 1
      objectReference: {fileID: 0}
    - target: {fileID: 4388078539581372, guid: 9b6a625374b096e4b9e0685328368746, type: 3}
      propertyPath: m_RootOrder
      value: 10
      objectReference: {fileID: 0}
    - target: {fileID: 4388078539581372, guid: 9b6a625374b096e4b9e0685328368746, type: 3}
      propertyPath: m_LocalScale.x
      value: 2.054262
      objectReference: {fileID: 0}
    - target: {fileID: 4388078539581372, guid: 9b6a625374b096e4b9e0685328368746, type: 3}
      propertyPath: m_LocalScale.y
      value: 2.0542617
      objectReference: {fileID: 0}
    - target: {fileID: 4388078539581372, guid: 9b6a625374b096e4b9e0685328368746, type: 3}
      propertyPath: m_LocalScale.z
      value: 2.0542617
      objectReference: {fileID: 0}
    m_RemovedComponents: []
  m_SourcePrefab: {fileID: 100100000, guid: 9b6a625374b096e4b9e0685328368746, type: 3}
--- !u!4 &8310241962577550741 stripped
Transform:
  m_CorrespondingSourceObject: {fileID: 4388078539581372, guid: 9b6a625374b096e4b9e0685328368746,
    type: 3}
  m_PrefabInstance: {fileID: 8312659638950820393}
  m_PrefabAsset: {fileID: 0}
--- !u!1001 &8671206028255899999
PrefabInstance:
  m_ObjectHideFlags: 0
  serializedVersion: 2
  m_Modification:
    m_TransformParent: {fileID: 8378410519768537767}
    m_Modifications:
    - target: {fileID: 4051703601302624, guid: 221fd6c6f0dc6ae4da018e9f0f5c1c1f, type: 3}
      propertyPath: m_LocalPosition.x
      value: 10.892616
      objectReference: {fileID: 0}
    - target: {fileID: 4051703601302624, guid: 221fd6c6f0dc6ae4da018e9f0f5c1c1f, type: 3}
      propertyPath: m_LocalPosition.y
      value: 2.1872358
      objectReference: {fileID: 0}
    - target: {fileID: 4051703601302624, guid: 221fd6c6f0dc6ae4da018e9f0f5c1c1f, type: 3}
      propertyPath: m_LocalPosition.z
      value: 28.76062
      objectReference: {fileID: 0}
    - target: {fileID: 4051703601302624, guid: 221fd6c6f0dc6ae4da018e9f0f5c1c1f, type: 3}
      propertyPath: m_LocalRotation.x
      value: -0
      objectReference: {fileID: 0}
    - target: {fileID: 4051703601302624, guid: 221fd6c6f0dc6ae4da018e9f0f5c1c1f, type: 3}
      propertyPath: m_LocalRotation.y
      value: -0
      objectReference: {fileID: 0}
    - target: {fileID: 4051703601302624, guid: 221fd6c6f0dc6ae4da018e9f0f5c1c1f, type: 3}
      propertyPath: m_LocalRotation.z
      value: -0
      objectReference: {fileID: 0}
    - target: {fileID: 4051703601302624, guid: 221fd6c6f0dc6ae4da018e9f0f5c1c1f, type: 3}
      propertyPath: m_LocalRotation.w
      value: 1
      objectReference: {fileID: 0}
    - target: {fileID: 4051703601302624, guid: 221fd6c6f0dc6ae4da018e9f0f5c1c1f, type: 3}
      propertyPath: m_RootOrder
      value: 11
      objectReference: {fileID: 0}
    - target: {fileID: 4051703601302624, guid: 221fd6c6f0dc6ae4da018e9f0f5c1c1f, type: 3}
      propertyPath: m_LocalScale.x
      value: 1.0974807
      objectReference: {fileID: 0}
    - target: {fileID: 4051703601302624, guid: 221fd6c6f0dc6ae4da018e9f0f5c1c1f, type: 3}
      propertyPath: m_LocalScale.y
      value: 1.0974808
      objectReference: {fileID: 0}
    - target: {fileID: 4051703601302624, guid: 221fd6c6f0dc6ae4da018e9f0f5c1c1f, type: 3}
      propertyPath: m_LocalScale.z
      value: 1.0974808
      objectReference: {fileID: 0}
    m_RemovedComponents: []
  m_SourcePrefab: {fileID: 100100000, guid: 221fd6c6f0dc6ae4da018e9f0f5c1c1f, type: 3}
--- !u!4 &8671728293077007679 stripped
Transform:
  m_CorrespondingSourceObject: {fileID: 4051703601302624, guid: 221fd6c6f0dc6ae4da018e9f0f5c1c1f,
    type: 3}
  m_PrefabInstance: {fileID: 8671206028255899999}
  m_PrefabAsset: {fileID: 0}
--- !u!1001 &8828402317491145622
PrefabInstance:
  m_ObjectHideFlags: 0
  serializedVersion: 2
  m_Modification:
    m_TransformParent: {fileID: 8378410519768537767}
    m_Modifications:
    - target: {fileID: 1322379625859224, guid: b1fbd95b44461d8429436baa4daa8110, type: 3}
      propertyPath: m_Name
      value: SM_Bld_Door_Barricaded_09 (1)
      objectReference: {fileID: 0}
    - target: {fileID: 4130379360704074, guid: b1fbd95b44461d8429436baa4daa8110, type: 3}
      propertyPath: m_LocalPosition.x
      value: 13.94062
      objectReference: {fileID: 0}
    - target: {fileID: 4130379360704074, guid: b1fbd95b44461d8429436baa4daa8110, type: 3}
      propertyPath: m_LocalPosition.y
      value: 3.145206
      objectReference: {fileID: 0}
    - target: {fileID: 4130379360704074, guid: b1fbd95b44461d8429436baa4daa8110, type: 3}
      propertyPath: m_LocalPosition.z
      value: 28.92172
      objectReference: {fileID: 0}
    - target: {fileID: 4130379360704074, guid: b1fbd95b44461d8429436baa4daa8110, type: 3}
      propertyPath: m_LocalRotation.x
      value: -0
      objectReference: {fileID: 0}
    - target: {fileID: 4130379360704074, guid: b1fbd95b44461d8429436baa4daa8110, type: 3}
      propertyPath: m_LocalRotation.y
      value: -0
      objectReference: {fileID: 0}
    - target: {fileID: 4130379360704074, guid: b1fbd95b44461d8429436baa4daa8110, type: 3}
      propertyPath: m_LocalRotation.z
      value: 0.06778719
      objectReference: {fileID: 0}
    - target: {fileID: 4130379360704074, guid: b1fbd95b44461d8429436baa4daa8110, type: 3}
      propertyPath: m_LocalRotation.w
      value: 0.9976998
      objectReference: {fileID: 0}
    - target: {fileID: 4130379360704074, guid: b1fbd95b44461d8429436baa4daa8110, type: 3}
      propertyPath: m_RootOrder
      value: 6
      objectReference: {fileID: 0}
    - target: {fileID: 4130379360704074, guid: b1fbd95b44461d8429436baa4daa8110, type: 3}
      propertyPath: m_LocalScale.x
      value: 1.02
      objectReference: {fileID: 0}
    - target: {fileID: 4130379360704074, guid: b1fbd95b44461d8429436baa4daa8110, type: 3}
      propertyPath: m_LocalScale.y
      value: 1.02
      objectReference: {fileID: 0}
    - target: {fileID: 4130379360704074, guid: b1fbd95b44461d8429436baa4daa8110, type: 3}
      propertyPath: m_LocalScale.z
      value: 1.02
      objectReference: {fileID: 0}
    m_RemovedComponents: []
  m_SourcePrefab: {fileID: 100100000, guid: b1fbd95b44461d8429436baa4daa8110, type: 3}
--- !u!4 &8829981812695408092 stripped
Transform:
  m_CorrespondingSourceObject: {fileID: 4130379360704074, guid: b1fbd95b44461d8429436baa4daa8110,
    type: 3}
  m_PrefabInstance: {fileID: 8828402317491145622}
  m_PrefabAsset: {fileID: 0}
